<?xml version="1.0" encoding="UTF-8"?><collection xmlns="http://www.loc.gov/MARC21/slim"><record><leader>00641nam--2200193-u-4500</leader><controlfield tag="001">000053955</controlfield><controlfield tag="002">20161230</controlfield><controlfield tag="005">20161230201051</controlfield><controlfield tag="008">110726s1000------------r-----000-0-rum-d</controlfield><datafield ind1=" " ind2=" " tag="040"><subfield code="a">IFIN-HH</subfield></datafield><datafield ind1=" " ind2=" " tag="041"><subfield code="a">rum</subfield></datafield><datafield ind1=" " ind2=" " tag="080"><subfield code="a">537.222.22:537.31(043)</subfield></datafield><datafield ind1="1" ind2=" " tag="100"><subfield code="a">Stoica, Toma</subfield></datafield><datafield ind1="1" ind2="0" tag="245"><subfield code="a">Structura energetica a electronilor in semiconductori si utilizarea lor in studiul fenomenelor de transport</subfield><subfield code="b">Teza</subfield><subfield code="c">Toma stoica</subfield></datafield><datafield ind1=" " ind2=" " tag="260"><subfield code="a">Bucuresti</subfield><subfield code="b">Institutul De Fizica Si Tehnologia Materialelor</subfield><subfield code="c">1981</subfield></datafield><datafield ind1=" " ind2=" " tag="300"><subfield code="a">117P</subfield></datafield><datafield ind1=" " ind2=" " tag="502"><subfield code="a">Conductor Stiintific: Dr.Doc. Radu Grigorovici</subfield></datafield><datafield ind1=" " ind2=" " tag="852"><subfield code="a">49324</subfield><subfield code="c">537.311.33</subfield></datafield><datafield ind1=" " ind2=" " tag="CAT"><subfield code="a">Sys</subfield><subfield code="c">20110726</subfield><subfield code="h">135759</subfield></datafield></record></collection>